@Misc{demo1,
author = "Hrub\'{y} M.",
title = "Demonstra\v{c}n\'{i} cvi\v{c}en\'{i} IMS 1",
howpublished = "[online]",
year = "2014",
url = "http://perchta.fit.vutbr.cz:8000/vyuka-ims/uploads/1/ims-demo1.pdf",
note="[cit. 29.11.2014]",
}

@Misc{demo2,
author = "Hrub\'{y} M.",
title = "Demonstra\v{c}n\'{i} cvi\v{c}en\'{i} IMS 2",
howpublished = "[online]",
year = "2014",
url = "http://perchta.fit.vutbr.cz:8000/vyuka-ims/uploads/1/diskr2-2011.pdf",
note="[cit. 29.11.2014]",
}

@Misc{peringer,
author="Peringer P.",
title = "P\v{r}edn\'{a}\v{s}ky Modelov\'{a}n\'{i} a simulace",
howpublished = "[online]",
year = "2014",
url = "https://wis.fit.vutbr.cz/FIT/st/course-files-st.php/course/IMS-IT/lectures/IMS.pdf?cid=9983",
note="[cit. 29.11.2014]",
}

@Misc{priklady,
author="Hrub\'{y} M.",
title = "Demonstra\v{c}n\'{i} p\v{r}\'{i}klady  IMS 2",
howpublished = "[online]",
year = "2014",
url = "http://perchta.fit.vutbr.cz:8000/vyuka-ims/uploads/1/ims-simlib-dema.tar.gz",
note="[cit. 29.11.2014]",
}

@Misc{simulace.info,
title = "Diskretn\'{i} simulace",
howpublished = "[online]",
year = "2013",
url = "http://www.simulace.info/index.php/Discrete_event_simulation/cs",
note="[cit. 29.11.2014]",
}